3220 5132
1276 378 1314 443 17

277 554 357 619 VIII,
380 552 413 604 86
436 552 501 618 (111,
518 555 583 617 213,
602 551 645 616 15)
668 546 733 603 ἄνο·
758 546 815 613 IX,
834 550 867 602 do
885 548 947 614 (ΙΙΙ,
968 550 1027 614 328,
1046 550 1073 615 6)
1091 546 1219 602 ἄνοπλον

320 658 323 663 ’
349 639 423 690 πλον
760 636 821 700 XII,
842 638 872 685 11
890 633 952 698 (IV,
972 636 1029 694 184,
1047 634 1091 699 28)
1110 632 1243 687 ἄνοπλος.

261 758 386 820 Accedit
407 757 486 818 aliud
510 756 650 835 quiddam
672 731 836 834 quodmo,
865 759 898 814 ut
920 772 936 813 a
958 720 1111 814 Dlndorlio
1134 754 1315 823 dissentIam,

172 862 268 949 ctiam
296 861 391 935 magis
419 865 526 921 movet.
570 856 644 917 Nam
672 874 740 917 cum
761 854 942 924 Diodorum,
970 854 1179 924 Plutarchum,
1207 855 1317 933 Diony·

174 1060 222 1121 vol
244 1057 303 1121 hac
325 1061 362 1120 dc
375 1077 481 1131 caussa
503 1061 602 1138 potius
624 1056 769 1122 ἄνοπλος
791 1056 903 1138 ubique
923 1057 1045 1133 dixisse,
1069 1057 1148 1137 quod
1170 1059 1200 1117 in
1223 1057 1317 1136 pluri-

177 1163 236 1222 mis
269 1164 448 1240 optimorum
482 1159 627 1220 librorum
661 1160 734 1220 locis
766 1158 914 1219 traditur?
950 1158 1051 1239 ltaque
1086 1158 1225 1239 equidem
1258 1176 1317 1218 non

175 1280 300 1341 possum
323 1281 381 1322 non
404 1280 473 1321 cum
496 1260 685 1338 lliesslingio,
708 1269 742 1321 ut
762 1261 871 1320 ceteris
892 1260 976 1330 locis,
1000 1262 1041 1320 ita
1064 1258 1133 1320 libri
1157 1259 1169 1319 l
1192 1278 1256 1339 cap.
1278 1256 1320 1320 80

176 1359 340 1436 ἄνοπλος,
364 1362 442 1447 quod
466 1358 623 1423 chisianus
644 1360 784 1439 praebet,
807 1359 945 1440 probare.

580 1613 609 1693 1,
633 1610 674 1675 co
698 1613 736 1692 (l,
762 1611 837 1683 111,
862 1610 924 1695 18).

189 1790 195 1803 ·
262 1752 431 1830 ,Antequam
459 1749 495 1809 ad
523 1747 604 1808 hunc
631 1748 730 1808 locum
759 1749 943 1809 tractandum
972 1749 1196 1828 progredimur,
1227 1749 1263 1809 do
1287 1768 1321 1811 ea

175 1834 262 1912 cura
274 1859 363 1931 atque
386 1849 551 1927 diligentia,
575 1868 664 1929 quam
686 1850 846 1929 Dionysius
866 1850 1011 1910 vocalium
1026 1853 1186 1910 concursui
1201 1849 1321 1911 vitando

174 1953 329 2020 adhibuit,
359 1951 492 2023 breviter
519 1951 667 2027 agendum
695 1961 754 2018 ost;
789 1968 856 2011 nam
886 1957 1055 2011 accuratam
1078 1951 1114 2011 de
1137 1951 1221 2011 hiatu
1243 1952 1320 2030 apud

172 2054 357 2131 Dionysium
380 2054 595 2131 quaestionem,
618 2070 705 2132 quam
730 2051 827 2112 adhuc
848 2049 972 2129 nemo*)
996 2052 1132 2121 instituit,
1156 2070 1243 2131 quam
1259 2054 1322 2131 pri·

144 2158 151 2167 '
174 2158 272 2225 mum·
287 2154 351 2213 lieri
373 2152 483 2232 poterit
505 2154 536 2212 in
559 2151 656 2211 lucem
679 2152 816 2230 prolerre
838 2153 871 2211 in
894 2152 992 2212 animo
1014 2149 1169 2212 habemus.
1209 2151 1267 2212 Sed
1290 2154 1322 2213 in

173 2272 322 2334 praesens
342 2260 457 2313 tantum
479 2271 572 2332 pauca
595 2252 744 2332 exempla,
768 2270 803 2311 cx
826 2251 935 2331 quibus
958 2251 1068 2330 conligi
1091 2261 1189 2332 potest
1211 2253 1322 2334 Diony·

174 2358 267 2423 sium,
291 2354 473 2432 ubicumque
495 2354 610 2430 liceret,
633 2352 746 2414 hiatum
769 2370 887 2430 semper
901 2354 1017 2422 vitasse,
1041 2354 1149 2414 allerrc
1164 2356 1235 2433 satis
1250 2363 1322 2417 esto.

175 2455 285 2533 Neque
308 2471 379 2514 sane
401 2457 512 2515 mirum
535 2463 671 2514 osteum
694 2456 888 2533 scriptorem,
917 2455 969 2534 qui
990 2457 1027 2515 in'
1043 2454 1122 2516 libro
1145 2456 1182 2516 de
1203 2474 1323 2536 compo-

178 2559 293 2617 sitione
314 2554 474 2615 verborum
490 2555 633 2616 lsooratei
656 2556 803 2623 sermonis
825 2554 1000 2633 elegantiam
1024 2563 1114 2636 alque
1128 2557 1240 2619 vitandi
1261 2558 1323 2619 hia·

176 2667 230 2717 tus
259 2656 389 2717 studium
418 2655 583 2716 identidem
613 2655 779 2733 praedicat,
809 2657 907 2734 ipsum
935 2675 1053 2738 quoque
1076 2656 1217 2718 crebrum
1239 2677 1324 2719 voca·

176 2759 256 2818 lium
286 2774 465 2817 concursum
499 2755 598 2816 dedita
634 2772 725 2834 opera
757 2758 876 2820 vitasse.
921 2756 981 2816 Sed
1008 2774 1066 2817 non
1091 2757 1178 2820 modo
1205 2761 1237 2819 in
1267 2760 1324 2820 hoc

173 2874 291 2934 genere
321 2856 480 2935 Dionysius
506 2875 676 2917 sermonem
706 2855 1013 2918 suum‘numerosum
1040 2858 1168 2919 reddere
1196 2859 1324 2921 voluisse

175 2956 328 3027 videtum·
347 2975 414 3017 nam
442 2958 640 3018 demonstrari
667 2964 766 3036 potest
793 2958 921 3018 eundem
951 2961 1179 3020 consonantium
1207 2977 1325 3040 quoque

176 3075 361 3118 concursum
383 3059 476 3119 vitare
502 3058 663 3118 studuisse.
706 3054 759 3118 An
781 3057 851 3137 quId
880 3058 960 3118 aliud
983 3067 1043 3145 cst,
1072 3061 1151 3139 quod
1179 3061 1232 3122 ille
1255 3081 1324 3124 con·

142 3140 147 3150 ¹
178 3165 297 3219 stanter
319 3157 394 3235 πρὶν
416 3156 436 3235 ἤ
458 3160 554 3219 lorma
576 3162 682 3228 utitur,
706 3157 759 3219 ubi
783 3158 957 3219 vocabulum
977 3159 1057 3237 quod
1072 3164 1208 3242 sequitur
1224 3182 1239 3222 a
1254 3180 1325 3223 con-

68 3340 72 3345 *
181 3259 301 3321 sonanti
321 3260 437 3337 incipit,
456 3257 536 3336 npiv
559 3267 658 3320 autem
681 3267 750 3321 ante
765 3257 907 3320 vocabula
923 3278 998 3339 quae
1014 3279 1030 3321 a
1046 3262 1139 3327 vocali
1160 3262 1326 3342 incipiunt?

269 3340 322 3420 His
350 3366 449 3420 autem
472 3361 645 3437 praemissis
670 3362 728 3421 iam
760 3361 796 3421 ad
824 3358 915 3422 verba
944 3359 1015 3421 libri
1037 3358 1136 3442 l'cap.
1160 3358 1201 3425 86
1228 3368 1326 3426 consi·

177 3459 315 3521 deranda
338 3477 508 3538 pergamus,
532 3479 608 3542 quae
631 3461 711 3540 apud
727 3461 942 3540 lliesslingium
964 3463 1035 3523 talia
1056 3471 1187 3529 exstant:
1210 3462 1229 3527 ὁ
1251 3464 1326 3529 Ῥω-

176 3559 283 3639 potor
304 3557 370 3623 ὑπὸ
394 3562 533 3638 (nonoris
553 3579 588 3624 τε
604 3560 725 3625 καὶτοῦ
740 3561 822 3641 πρὸ(
835 3560 895 3626 τὸν
910 3560 1057 3643 ἀδελφὸν
1072 3564 1200 3642 φθόνου
1216 3563 1276 3646 [ὼε
1291 3567 1327 3629 δὲ

175 3660 233 3726 καὶ
254 3658 426 3742 ὁφθόνοε]
447 3652 531 3725 icmc'
547 3661 582 3725 δὲ
604 3660 688 3726 καὶὸ
704 3661 778 3726 θεὸς
793 3661 897 3726 οὕτω(
911 3662 1036 3744 ἐνῆγεν,
1059 3664 1133 3742 πρὶν
1148 3665 1200 3729 καὶ
1214 3665 1326 3730 ὁτιοῦν

250 3926 274 3992 *)
298 3929 375 3990 Quae
394 3929 560 3981 Benselerus
578 3931 607 3980 in
625 3929 708 3994 libro,
734 3946 814 3996 quem
837 3932 887 3983 ‘de
905 3932 985 3983 hictu
1007 3933 1036 3983 in
1055 3935 1210 3986 oratoribus
1229 3935 1327 3989 atticis

177 4019 209 4065 et
228 4012 368 4063 historicis
386 4013 504 4079 graecis’
524 4017 649 4080 scripsit,
667 4032 693 4080 p.
713 4016 763 4066 548
776 4028 834 4079 sqq.
853 4016 886 4067 de
904 4015 984 4068 hiatu
1001 4004 1075 4081 apud
1092 4019 1255 4084 Dionysium
1272 4021 1327 4074 dis·

178 4097 307 4164 putavit,
335 4112 423 4162 noque
447 4103 575 4150 accurate
598 4104 662 4149 sunt
685 4099 812 4165 exposita
835 4115 922 4165 neque
947 4102 1039 4152 omnio
1061 4107 1152 4167 recte,
1176 4107 1207 4153 ut
1229 4111 1327 4169 postea

179 4180 338 4247 apparebit.
374 4182 620 4245 sincerissimam,
640 4184 706 4234 item
723 4171 892 4236 Ritschelius
910 4186 939 4235 in
956 4186 1145 4251 disputatione
1164 4187 1213 4238 ‘de
1232 4188 1327 4242 codice
1357 4196 1363 4200 ’

177 4265 319 4318 Urbinoto
342 4266 471 4330 Dionysii
491 4264 579 4325 Hal),
608 4282 677 4331 quae
705 4268 810 4317 iterata
835 4273 878 4319 est
904 4270 933 4319 in
956 4269 1080 4320 eiusdem
1102 4271 1204 4336 Opuso.
1228 4277 1328 4326 tomiI

176 4367 206 4417 p,
227 4350 278 4400 616
291 4364 367 4413 sqq,
392 4349 465 4400 hanc
484 4344 780 4416 quaestionem‘magis
797 4351 988 4416 significarunt
1010 4368 1091 4417 quam
1109 4360 1326 4420 pertractarunt.

176 4434 279 4497 Nuper
297 4433 381 4482 etium
399 4422 604 4498 Grasbergerus
621 4433 758 4498 Philologi
777 4436 845 4486 tomi
861 4436 980 4487 XXVIII
999 4433 1035 4501 (a.
1055 4438 1132 4503 1869)
1151 4457 1177 4506 p.
1191 4441 1241 4491 646
1259 4456 1327 4492 non-

176 4516 269 4571 nullis
286 4515 415 4580 Dionysii
433 4517 503 4568 locis
520 4518 628 4569 hiatum
645 4519 765 4572 sustulit.

1110 4610 1126 4663 2
