3220 5132
1301 356 1323 420 ὁ

173 543 267 605 posse
295 526 516 593 existimarent,
549 524 622 585 mibi
656 541 705 584 res
735 520 822 601 longe
851 525 936 584 aliter
965 542 1031 585 sese
1059 524 1169 585 habere
1198 525 1320 589 videtur.

174 625 337 687 Urbinatis
365 628 444 685 enirn
469 627 647 704 praestantia
678 628 813 701 quamvis
840 625 962 685 levioris
984 626 1137 686 cuiusdam
1161 627 1322 707 interpola·

173 728 272 787 tionis
294 726 505 787 commaculata
532 726 665 803 vestigiis
689 744 723 786 ea
746 734 791 786 est
818 734 850 786 ut
872 725 1108 787 emendationem
1138 734 1228 789 totam
1258 729 1321 789 lere

176 827 218 890 ab
240 829 296 888 bec
319 827 397 888 libro
420 828 612 906 repetendam
642 845 707 887 esse
736 827 809 888 mibi
838 816 1014 905 persuasum
1037 832 1086 888 sit.
1130 829 1203 890 Eam
1230 830 1321 907 igitur

175 932 276 1008 legem
298 929 373 990 mibi
396 931 554 1008 proposui,
578 935 611 988 ut
626 927 800 989 Urbinatem
824 936 966 1007 quantum
982 930 1048 990 lieri
1071 939 1171 1006 posset
1191 932 1321 992 fideliter

175 1032 402 1112 exprimerem?
447 1029 527 1100 Quae
556 1028 644 1090 verba
674 1032 700 1091 si
728 1031 794 1109 quis
822 1031 945 1108 legerit,
975 1031 1061 1091 facile
1090 1032 1195 1092 adduci
1225 1040 1322 1112 potest

175 1142 210 1194 ut
234 1134 447 1209 lliesslingium
469 1132 598 1211 primurn
622 1139 725 1191 contra
746 1130 943 1192 Ritsehelium
963 1129 1250 1212 Ambroscliiumque
1273 1153 1320 1195 ra·

178 1239 293 1297 tionem
316 1234 453 1294 codicum
476 1241 558 1293 recte
581 1232 773 1312 explicavisse
798 1234 908 1294 credat.
946 1233 1010 1315 ‘Sed
1034 1237 1060 1294 si
1086 1237 1164 1296 iuste
1188 1248 1319 1314 agamus,

175 1346 294 1399 tantum
317 1335 401 1396 abest
422 1342 455 1394 ut
477 1333 656 1412 lliessliugio
678 1335 754 1395 lianc
777 1334 895 1395 laudem
917 1335 1128 1406 concedamus,
1158 1344 1190 1396 ut
1217 1339 1319 1414 negle-

175 1442 308 1517 gentiam
332 1435 479 1515 quandam
503 1439 531 1495 ei
554 1435 726 1495 abiciamus
764 1434 837 1495 Nam
854 1435 1068 1513 Kiesslingium
1091 1438 1247 1498 liitsclielii
1270 1438 1319 1499 ‘de

175 1541 281 1601 codice
304 1537 449 1598 Urbinate
473 1537 605 1616 Dionysii
635 1537 921 1597 llalicaruasseusis'
951 1536 1181 1615 disputationem
1210 1540 1318 1600 editam

175 1643 299 1702 Bonuac
323 1659 349 1699 a.
376 1635 456 1698 1847
480 1645 530 1698 aut
552 1641 702 1716 cognitam
725 1647 774 1698 aut
803 1641 833 1698 in
857 1638 996 1700 manibus
1019 1657 1077 1699 non
1104 1639 1245 1700 babuisse
1269 1659 1319 1718 ap·

173 1748 261 1824 paret
271 1738 310 1819 ³¹⁶),
347 1739 422 1800 Illud
445 1738 565 1818 quidem
589 1742 616 1799 ei
640 1741 790 1817 integrum
813 1738 1009 1818 relinquitur,
1033 1742 1112 1820 quod
1134 1760 1172 1801 ne
1190 1744 1234 1801 eis
1256 1744 1319 1821 qui-

174 1845 244 1904 dem
272 1842 344 1902 locis
366 1839 519 1901 Urbinatis
541 1841 654 1902 codicis
681 1844 847 1919 scripturas
874 1843 996 1912 reiecit,
1027 1842 1078 1902 ubi
1101 1850 1171 1902 sunt
1192 1845 1319 1905 maxime

173 1961 344 2024 perversae.
390 1940 567 2022 Quicunque
596 1951 693 2003 autem
722 1944 753 2002 in
776 1942 1012 2019 Antiquitatibus
1034 1944 1164 2024 Dionysii
1191 1953 1319 2006 tractan-

173 2049 222 2107 dis
245 2043 498 2121 emendandisque
521 2052 692 2104 versaturus
715 2052 773 2112 est,
803 2047 844 2104 ita
867 2046 978 2104 versari
1001 2045 1105 2115 debet,
1133 2054 1171 2106 ut·
1190 2047 1320 2109 Cbisiani

174 2147 390 2221 Urbinatisque
406 2144 543 2221 codicum
560 2146 700 2205 virtutem
715 2163 780 2204 esse
803 2148 1004 2223 promiscuam
1020 2148 1103 2206 sciat.
1141 2148 1190 2207 Sic
1211 2152 1318 2209 rectis-

177 2254 254 2310 sime
269 2245 451 2316 llitsclrelius
466 2248 581 2315 statuit,
606 2249 649 2306 s'ic
666 2246 797 2306 Sintenis
813 2246 936 2306 Emeud.
953 2246 1071 2325 Dionys.
1088 2266 1169 2325 spec.
1186 2249 1226 2308 lll
1242 2267 1271 2329 p.
1291 2250 1316 2319 l,

174 2350 228 2411 ubi
259 2350 332 2408 baec
356 2347 445 2406 verba
468 2348 581 2425 posuit:
611 2350 675 2393 ‘-
698 2355 731 2406 ut
752 2348 827 2407 mibi
849 2348 986 2425 quidem,
1016 2350 1059 2407 uti
1088 2367 1166 2409 nune
1189 2367 1238 2410 res
1261 2361 1314 2424 est,

173 2471 242 2512 cum
265 2464 335 2510 suas
357 2455 484 2525 uterque
508 2449 599 2508 codex
624 2450 763 2517 virtutes,
793 2466 845 2507 sua
868 2449 1091 2535 vitiadlrabeat,
1121 2450 1194 2510 nibil
1224 2455 1317 2530 magis

174 2553 310 2613 videatur
333 2567 408 2627 opus
430 2567 495 2609 esse
525 2567 611 2627 quam
635 2549 736 2609 subtili
764 2550 891 2619 iudicio,
922 2552 1000 2626 quod
1028 2551 1135 2612 idoneo
1163 2555 1318 2632 scriptoris

175 2673 234 2715 usu
257 2654 391 2714 adiutum
408 2650 541 2728 singulas
562 2651 706 2711 lectiones
730 2654 760 2709 in
776 2650 1022 2729 disceptationem
1040 2660 1125 2712 vocet
1146 2658 1317 2732 perpensis-

174 2775 232 2836 quc
256 2751 422 2814 rationibus
445 2750 585 2811 omnibus
607 2751 636 2811 id
661 2753 835 2820 constituat,
860 2753 938 2831 quod
961 2753 1136 2831 Dionysium
1159 2758 1315 2835 scripsisse

172 2855 329 2937 probabile
357 2855 419 2912 sit’

260 2957 419 3033 Postquam
442 2954 479 3013 ab
507 2953 562 3012 bac
590 2962 674 3032 parte
697 2957 770 3013 satis
801 2955 903 3014 videor
926 2957 1051 3024 dixisse,
1083 2957 1260 3035 relinquitur
1283 2968 1316 3019 ut

174 3077 268 3139 pauca
292 3056 380 3116 verba
404 3058 441 3114 de
468 3056 582 3115 ratione
611 3054 817 3134 disputationis
839 3074 922 3115 meae
951 3056 1067 3116 laciam.
1112 3057 1194 3117 llanc
1218 3068 1314 3120 autem

174 3136 268 3222 totam
291 3161 334 3218 sic
357 3158 515 3217 instituere
532 3156 624 3224 volui,
648 3163 681 3215 ut
702 3159 800 3234 primo
816 3159 912 3236 eapite
931 3177 982 3218 eos
1003 3158 1084 3232 locos
1100 3161 1314 3238 Antiquitatum

173 3263 375 3323 Romanarum
391 3263 566 3326 tractarem,
590 3259 641 3335 qui
657 3256 694 3316 ab
711 3275 765 3316 usu
782 3259 902 3317 dicendi
920 3260 963 3318 vel
985 3262 1117 3320 onmium
1135 3264 1314 3340 scriptorum

175 3365 360 3422 Graecorum
382 3361 532 3419 communi
562 3359 606 3418 vel
635 3361 756 3437 proprio
779 3359 912 3438 lliouysii
941 3358 1103 3422 abhorrere
1130 3364 1203 3423 mibi
1233 3365 1313 3423 vide·
1405 3392 1409 3399 ·

173 3471 293 3529 1·eutur;
317 3470 380 3521 tum
404 3460 560 3520 nonnullos
583 3459 739 3536 eligerem,
763 3480 837 3540 quos
860 3480 929 3538 rgo,
953 3481 1143 3524 cumeorum
1165 3465 1313 3540 scriptura

170 3570 202 3625 in
225 3566 298 3641 ipsis
321 3560 474 3621 codicibus
499 3569 640 3639 corrupta
663 3570 807 3631 exstaret,
837 3570 978 3641 quantum
1002 3566 1033 3623 in
1055 3583 1103 3624 mc
1126 3567 1215 3625 situm
1239 3572 1311 3634 erat,

169 3667 353 3727 ooiiiecturis
375 3662 534 3722 emendare
557 3680 693 3722 conarer.
730 3662 773 3723 sd
796 3666 922 3742 primam
941 3671 1039 3724 autem
1061 3674 1176 3743 partem
1200 3666 1310 3726 disser-

173 3824 190 3829 ,,
213 3816 372 3826 ..n—-

236 3901 260 3964 *)
274 3900 336 3950 Suis
348 3898 376 3947 id
387 3898 477 3948 verbis
487 3898 548 3962 ipsc
560 3897 725 3948 Ritschelius
739 3903 849 3963 questus
863 3903 906 3948 est
922 3898 1023 3963 Opusc,
1036 3900 1102 3964 phil.
1116 3906 1135 3949 t.
1146 3901 1159 3949 I
1171 3917 1197 3965 p.
1210 3903 1259 3952 517
1270 3918 1310 3965 sq.

167 3987 229 4036 adn.
260 3985 313 4035 Vbi
332 3983 375 4034 sui
392 3982 424 4031 dc
441 3986 556 4045 utroque
575 3982 667 4031 codiee
685 3981 781 4031 iudicii
799 3999 929 4033 summam
947 3985 990 4033 bis
1007 3983 1096 4034 verbis
1108 3985 1310 4049 complectitur:

168 4072 218 4120 ‘In
241 4069 372 4119 Vrbinate
390 4106 395 4117 .
416 4106 421 4118 .
442 4103 448 4115 .
467 4067 642 4129 cognovimus
664 4082 754 4116 raram
776 4072 804 4116 et
830 4084 913 4133 prope
936 4067 1100 4132 siugularem
1123 4069 1186 4118 talis
1209 4070 1310 4119 codicis

167 4154 297 4214 indolem,
322 4152 413 4216 quiet
436 4152 597 4201 correctoris
621 4166 729 4201 monum
748 4168 845 4216 passus
868 4153 1041 4203 manifestam
1063 4156 1090 4201 et
1109 4157 1200 4202 cetera
1221 4153 1309 4216 negle-

141 4292 145 4297 ,
166 4240 276 4304 gentius
294 4236 328 4285 ab
347 4235 456 4284 librario
478 4235 587 4284 habitus
610 4238 704 4285 tamen
721 4241 863 4301 utrumque
880 4238 977 4287 vitium
1000 4244 1054 4287 tam
1076 4238 1183 4288 eximiis
1201 4238 1309 4288 dotibus

167 4323 358 4386 compensaret
379 4324 421 4381 ut,
440 4320 464 4369 si
486 4320 580 4384 pauci‘e
598 4318 723 4370 volumus
741 4321 781 4369 rei
798 4335 927 4369 suminam
945 4322 1103 4384 complecti,
1125 4322 1308 4372 deterioris
1344 4320 1346 4323 ’

166 4406 301 4471 generis
319 4403 437 4453 melius
456 4404 636 4469 exemplum
655 4404 850 4462 Ohisianus,
868 4403 1016 4456 deterius
1035 4410 1141 4456 aretem
1158 4407 1306 4458 melioris

166 4489 303 4556 generis
322 4496 577 4551 repraesentare
594 4489 739 4540 Vrbinas
759 4488 1003 4539 existimandus
1022 4488 1086 4545 ait!
