3220 5132
253 560 280 622 1,
299 559 330 608 87
350 555 390 621 (Ι,
411 560 472 620 112,
492 558 534 621 24)
559 540 754 608 ἆποθανόντοε
772 555 802 606 δ’
820 554 851 607 ἐν
868 559 904 621 τῇ
923 554 996 621 μάχῃ
1014 559 1065 608 τοθ
1086 554 1196 621 Ῥώμου
1215 554 1296 620 νίκην

319 638 461 706 οἰκτίετην
480 640 496 692 ὁ
515 639 659 703 Ῥωμύλοε
678 666 708 677 -
727 638 899 704 ἀνελόμενος

218 773 220 777 ,
253 725 307 787 ΙΙΙ,
331 727 364 776 53
387 725 422 787 (Ι,
446 727 509 789 292,
534 724 575 788 15)
603 722 631 776 ἐξ
655 721 688 774 οὓ
713 722 794 789 νίκην
817 722 969 788 ἀναιρεῖται
994 724 1120 788 βοειλεὺε
1141 723 1296 788 Ταρκύνιος

322 806 551 873 έπιφανεετάτην
575 840 579 847 -

253 893 286 954 V,
304 896 336 943 47
356 891 409 957 (11,
430 893 493 954 168,
511 891 554 955 32)
578 889 704 958 άπῄεεαν
723 889 773 942 ἐπ’
796 889 875 944 οἴκου
900 890 1103 957 λαμπροτάτην
1125 891 1294 958 ἀνῃρημένοι

321 991 401 1040 νικην
852 1014 858 1023 ,

253 1061 293 1110 XI
299 1097 306 1124 ,
324 1062 357 1110 48
375 1059 433 1124 (IV,
454 1062 514 1122 156,
534 1059 578 1124 at)
601 1059 725 1111 καὶτῶν
748 1057 862 1112 ἱππέων
880 1059 1006 1126 μεγάλην
1029 1058 1186 1125 προθυμίαν
1208 1075 1296 1126 παρα·

319 1142 463 1208 εχομένυιν
482 1140 563 1207 νίκην
582 1143 735 1208 ἀναιρεῖται
752 1142 965 1210 λαμπροτάτην.

49 1306 53 1312 ·
147 1263 354 1341 Quamquam,
384 1267 407 1322 si
432 1263 469 1322 ab
493 1265 558 1341 ipso
580 1260 649 1339 νίκη
679 1264 821 1324 vocabulo
845 1264 1032 1332 discesseris,
1062 1273 1095 1324 ut
1124 1266 1200 1344 apud
1225 1265 1297 1324 aiios

150 1368 331 1442 scriptores,
355 1366 393 1423 ita
417 1364 496 1442 apud
512 1364 683 1443 Dionysium
707 1383 823 1445 quoque
849 1365 1009 1442 dupliciter
1025 1365 1187 1426 dictasunt
1211 1365 1294 1425 talia:

148 1475 179 1526 et
207 1464 365 1541 notorior,
401 1464 519 1542 μάχην,
550 1462 662 1538 ἀγῶνα
689 1456 898 1541 ἀναιρεῖεθαη
934 1475 966 1525 ιιι
995 1467 1025 1535 V,
1055 1462 1106 1526 61.
1135 1466 1215 1536 Vili,
1244 1464 1294 1526 37.

148 1566 230 1635 Vili,
254 1564 319 1634 51,
335 1574 364 1625 et
385 1563 530 1642 πόλεμον
554 1565 597 1624 vei
621 1563 732 1639 ἀγῶνα
755 1563 908 1642 αἴρεεθαι,
934 1587 958 1624 v.
983 1566 1086 1635 cdii,
1109 1563 1161 1627 23.
1186 1566 1240 1635 tx,
1265 1562 1293 1625 9.

149 1667 208 1735 tx,
240 1663 289 1726 16.
318 1665 358 1734 X,
390 1663 440 1726 27.
469 1665 523 1735 Xi,
549 1663 577 1725 1.
622 1666 680 1725 Sed
709 1685 790 1733 cum,
820 1677 852 1725 ut
880 1669 937 1725 iam
967 1668 1042 1736 dixi,
1072 1676 1190 1746 praeter
1217 1667 1296 1726 buno

150 1786 262 1836 unum,
293 1768 329 1827 de
352 1786 410 1846 quo
433 1770 562 1844 agimus,
593 1767 689 1826 iocum
719 1765 808 1842 νίκην
838 1764 978 1843 αἴρεεθαι
1009 1771 1039 1828 in
1062 1768 1295 1847 Antiquitatibus
1348 1796 1352 1803 -

151 1888 212 1928 uon
238 1870 425 1944 inveniatur,
450 1871 575 1936 restim,
601 1876 633 1928 ut
648 1868 722 1928 uribi
744 1868 864 1946 quidem
889 1868 1022 1937 videtur,
1045 1865 1135 1943 νίκην
1158 1865 1295 1945 ἀναμφί-

93 1962 97 1965 ’
148 1970 252 2043 λογον
277 1965 451 2044 ἀναιρεῖται
473 1970 639 2029 scribetur:
666 1968 815 2029 lenissima
832 1968 861 2028 id
879 1970 998 2047 quidem
1014 1978 1081 2047 post
1103 1987 1294 2047 praegressas

94 2102 98 2109 ’
150 2067 205 2131 ΟΝ
220 2069 346 2129 iitteras
369 2072 544 2129 mutatione.

543 2321 588 2389 ιν,
612 2318 651 2381 ιι
676 2320 731 2400 (ιι,
754 2317 812 2388 os,
838 2317 899 2401 14).

238 2472 374 2532 Vidimus
396 2473 454 2532 iarn
477 2490 582 2549 supra,
606 2490 674 2532 cum
696 2472 733 2531 de
754 2471 830 2548 πρὶν
852 2470 872 2548 ἤ
896 2479 926 2533 et
948 2470 1022 2548 πρίν
1046 2472 1150 2533 formis
1171 2474 1294 2549 egimus,

150 2572 333 2651 singularem
349 2573 482 2651 Dionysii
505 2591 605 2633 curam
628 2572 873 2652 diligentiamque
896 2575 990 2634 inisse
1009 2576 1041 2633 in
1057 2592 1205 2633 concursu
1228 2591 1296 2632 cum

150 2675 297 2736 vocalium
321 2678 399 2742 tum,
429 2676 455 2732 si
484 2674 549 2732 fieri
572 2675 685 2751 potuit,
716 2677 942 2735 consonantium
965 2674 1095 2735 vitando.
1139 2674 1228 2735 Cuius
1250 2677 1296 2734 rei

152 2775 395 2835 observationem
421 2774 491 2834 dum
520 2776 651 2833 animum
681 2773 788 2832 induco
811 2776 901 2834 etiam
925 2774 960 2834 ad
990 2774 1063 2834 aiios
1091 2775 1171 2835 iocos
1200 2783 1295 2835 trans-

152 2877 251 2945 ierre,
280 2877 415 2955 quamvis
438 2878 573 2953 suspicer
601 2875 750 2935 nonnuliis
774 2875 965 2935 audaciorem
993 2894 1040 2935 me
1064 2878 1195 2936 visurum
1219 2894 1294 2944 csse,

153 2983 255 3036 tamen
279 2977 378 3036 iacere
401 2995 461 3035 non
483 2993 603 3055 possum
626 2956 717 3054 quin,
745 2975 824 3054 quod
846 2993 901 3053 pro
926 2975 1077 3054 explorato
1099 2976 1240 3045 habeam,
1263 2980 1294 3037 in
1340 3038 1343 3041 ,

153 3077 285 3137 medium
308 3077 469 3156 proferam.
507 3064 611 3137 θέλειν
635 3078 715 3137 euim
739 3083 769 3135 et
790 3073 910 3138 ἐθέλειν
934 3076 1022 3137 verba
1039 3079 1152 3138 Atticos
1174 3077 1296 3156 quidem

151 3180 313 3257 scriptores
335 3179 506 3256 promiscue
522 3195 695 3256 usurpasse,
720 3177 771 3237 sed
794 3159 833 3238 ita
858 3187 956 3236 tamen
971 3185 1010 3236 -ut
1032 3173 1154 3240 ἐθέλειν
1171 3177 1294 3239 verbum

152 3279 359 3356 praeferrent,
384 3297 418 3336 ex
442 3280 486 3337 eis
508 3295 583 3357 quae
605 3276 773 3337 Lobeckius
795 3277 831 3337 ad
847 3276 1050 3355 Phryniclrum
1073 3297 1102 3355 p.
1121 3275 1138 3338 7
1163 3278 1293 3357 disputa·

151 3382 213 3446 vit,
236 3377 321 3439 facile
344 3380 543 3456 cognoscitur.
582 3363 648 3438 Sed⁵
663 3379 699 3439 de
723 3378 885 3449 eorundem
910 3376 1067 3437 verborum
1091 3378 1168 3456 apud
1185 3379 1294 3458 Diony-

153 3483 232 3540 sium
250 3497 304 3539 usu
321 3479 400 3539 aliud
418 3478 558 3557 quiddam
572 3481 760 3540 statuendum
777 3481 916 3540 esse‘iaur
932 3479 1138 3540 demonstrare
1154 3481 1294 3542 conabor.

152 3581 228 3642 Nam
252 3583 307 3640 etsi
335 3584 362 3640 is
384 3599 501 3659 quoque
525 3580 614 3641 verba
642 3580 690 3640 iila
713 3583 880 3659 promiscuo
910 3598 1055 3659 usurpare
1079 3581 1167 3650 solet,
1195 3591 1294 3643 tamen

152 3684 178 3742 si
203 3689 284 3741 recte
307 3681 479 3750 observavi,
510 3699 546 3740 ex
568 3680 672 3742 ultima
696 3683 774 3743 vocis
797 3681 1002 3741 antecedentis
1031 3682 1132 3742 littera
1160 3683 1201 3742 ita
1223 3700 1295 3760 pen-

153 3783 228 3844 dere
252 3781 422 3850 voluit„ut
444 3780 548 3844 θέλειν
577 3781 671 3843 forma
695 3790 808 3853 utatur,
834 3782 885 3842 ubi
908 3800 962 3842 vox
984 3786 1015 3842 in
1039 3782 1169 3843 vocalem
1193 3786 1295 3844 exiens

144 3864 318 3951 antecedit,
342 3880 463 3945 ἐθέλειν
487 3899 570 3952 vero,
595 3882 646 3943 ubi
668 3883 699 3942 in
714 3891 933 3944 consonantem.
973 3883 1055 3944 Hanc
1071 3892 1169 3943 autem
1187 3886 1294 3944 utrius·

97 4048 107 4065 ,
152 4003 210 4063 que
234 3983 344 4044 formae
368 3985 587 4045 distinctionem
616 4002 631 4042 a
656 3983 785 4044 librariis
807 3986 838 4043 in
861 3984 1016 4044 codicibus
1045 3987 1165 4062 saepius
1188 3984 1295 4046 obscu-

153 4094 249 4145 ratam
273 4102 336 4144 esse
361 4102 419 4144 non
444 4095 488 4145 est
510 4085 646 4164 proiecto
668 4084 747 4164 quod
770 4087 924 4145 miremur.
963 4086 1000 4145 Et
1023 4094 1121 4145 tamon
1146 4086 1293 4163 exemplo-

153 4203 220 4244 rum
243 4202 318 4264 quae
341 4187 506 4263 conquisivi
535 4176 693 4246 multitudo
715 4188 787 4245 satis
815 4203 963 4264 superque
993 4187 1171 4246 sententiam
1199 4205 1293 4246 meam

153 4287 273 4346 firmare
295 4285 422 4345 videtur.
466 4286 626 4364 Compares
648 4285 735 4345 veiim
758 4286 813 4347 bos
835 4288 932 4347 iocos:

210 4473 221 4488 ,
257 4420 332 4482 11‚a
356 4417 394 4483 (1,
420 4421 479 4478 ιιι,
504 4416 547 4478 ιιι
571 4393 765 4483 ορχεεοαιοε-
792 4421 838 4483 1v,
857 4422 890 4469 νο
909 4418 959 4482 (ιι,
983 4423 1028 4481 31,
1052 4419 1095 4484 ao)
1120 4417 1169 4471 ιον
1192 4420 1228 4483 μὴ
1252 4419 1293 4471 οε.
1318 4422 1323 4435 ’

324 4503 416 4554 λουειν
856 4504 940 4554 λωειν
