3220 5132
112 16 402 90 Ὶῂἳπ

320 349 342 410 4
414 374 423 389 .

315 521 405 580 sicuti
426 537 475 581 res
491 521 555 598 ipsa
570 521 683 597 coegit,
707 520 880 598 plerumque
895 520 926 580 id
948 523 1137 599 impugnent,
1162 521 1241 598 quod
1261 520 1460 600 Kiessiingius

315 621 346 680 in
369 621 528 681 editionem
552 639 636 681 suam
658 621 790 698 recepit,
821 623 997 701 praesertim
1020 639 1088 682 cum
1113 622 1249 701 equidem
1272 623 1350 681 viam
1373 629 1462 700 atque

316 725 479 791 rationem,
509 722 670 802 quamille
697 724 728 781 in
751 721 838 782 libris
859 723 1081 801 Antiquitatum
1104 723 1229 783 edendis
1257 725 1372 791 tenuit,
1403 742 1461 783 non

315 824 426 902 possim
450 823 531 883 omni
560 841 596 883 ex
625 831 708 902 parte
736 823 874 902 probare.
918 825 990 885 Dico
1019 833 1204 896 autemeam
1232 824 1395 892 rationem,
1425 824 1462 884 do

316 943 373 1003 qua
402 925 434 984 in
456 924 641 1003 praefatione
670 927 745 985 tomi
767 924 780 983 1
802 943 832 1003 p.
857 924 907 985 VfI
928 944 984 987 nos
1011 928 1156 987 certiores
1184 926 1256 986 faoit
1285 924 1333 985 his
1360 922 1462 985 verbis

315 1043 402 1086 usus:
441 1025 549 1104 ‘Atque
571 1043 638 1085 cum
661 1025 691 1086 id
713 1028 878 1106 praecipue
901 1035 1034 1088 sectarer
1057 1036 1090 1087 ut
1111 1027 1231 1087 tandem
1255 1027 1373 1105 qualem
1391 1026 1462 1088 libri

316 1128 425 1206 optimi
447 1125 624 1187 exhiberent
646 1126 818 1206 Dionysium
840 1127 1040 1206 patefacerem
1062 1129 1161 1206 itaque
1185 1130 1230 1188 eis
1253 1130 1304 1203 qui
1327 1146 1407 1188 nuno
1429 1129 1460 1186 in

314 1226 456 1308 Dionysio
471 1245 595 1307 operam
619 1246 703 1288 suam
719 1228 894 1290 collocaturi
917 1237 1017 1289 esseut
1038 1230 1151 1290 certius
1166 1228 1371 1290 substruerem
1393 1229 1460 1288 fun-

316 1329 504 1398 damentum,
528 1328 666 1390 codicum
688 1330 777 1390 fidem
799 1337 921 1390 secutus
943 1331 1160 1391 inconstantiae
1183 1329 1336 1390 cuiusdam
1359 1329 1461 1389 vitium

316 1430 448 1508 effugere
471 1412 561 1508 saepe
584 1449 640 1490 nec
663 1431 746 1509 potui
774 1450 829 1492 neo
852 1432 942 1492 volui.
987 1430 1071 1501 Quod
1099 1431 1144 1491 vei
1171 1433 1299 1491 maxime
1323 1431 1403 1492 cadit
1431 1433 1463 1491 in

318 1550 404 1592 omne
428 1549 523 1610 genus
545 1531 825 1611 orthographicum,
849 1552 917 1593 cum
941 1535 970 1594 in
987 1535 1135 1612 scrIptore
1155 1532 1260 1593 aetatis
1274 1533 1462 1602 recentioris,

317 1635 496 1714 praesertim
527 1633 556 1692 in
586 1630 628 1693 re‘
649 1650 703 1709 per
731 1652 763 1694 se
792 1642 851 1696 tam
881 1635 971 1695 dubia
999 1642 1087 1712 atque
1114 1635 1243 1703 incerta,
1278 1652 1381 1694 eorum
1411 1636 1463 1713 qui

318 1753 414 1814 nuper
444 1733 548 1797 Cobeti
581 1734 768 1814 aliorumque
802 1737 934 1814 vestigiis
965 1738 1139 1802 insistentes
1171 1737 1269 1795 onmia
1304 1735 1339 1795 ad
1374 1753 1463 1796 uuam

320 1836 505 1913 eandemque
528 1836 660 1912 reguiam
684 1844 863 1897 revocarunt
885 1836 1053 1915 exemplum
1075 1839 1160 1914 sequi
1183 1837 1351 1896 noluerim?
1389 1835 1463 1897 Nam

318 1939 433 1997 etiamsi
463 1943 576 1996 fantum
605 1936 704 2007 abest,
737 1945 768 1997 ut
796 1956 865 1998 cum
887 1936 999 1998 Cobeto
1027 1937 1151 2017 aliisque
1180 1939 1279 1997 omnia
1308 1938 1344 1997 ad
1372 1956 1464 1998 unam

318 2039 502 2118 eandemque
520 2039 817 2115 reguiamrevocare
841 2039 944 2108 velim,
968 2047 1000 2099 ut
1024 2038 1141 2117 saepius
1157 2037 1262 2100 Cobeti
1278 2039 1464 2099 emendatio·

318 2158 372 2200 nes
406 2143 574 2201 reiecturus
608 2142 680 2209 sim,
718 2149 819 2201 tamen
852 2126 977 2217 magnus
1011 2141 1146 2207 iocorum
1179 2157 1322 2200 numerus
1356 2146 1463 2208 exstat,

318 2260 446 2320 quorum
474 2241 636 2320 scriptura,
666 2241 763 2319 quafis
791 2245 822 2300 in
851 2240 1008 2302 codicibus
1035 2241 1179 2308 traditur,
1208 2258 1277 2301 oum
1305 2239 1466 2301 abhorreat
1518 2296 1522 2303 ,

318 2341 356 2403 ab
391 2360 447 2402 usu
475 2343 521 2402 vei
553 2328 686 2403 omnium
721 2343 900 2422 scriptorum
930 2343 1112 2404 Graecorum
1141 2328 1291 2403 communi
1319 2342 1365 2401 vel
1393 2341 1465 2402 Dio-

318 2445 393 2520 nysii
417 2445 556 2521 proprio,
581 2443 757 2520 corrigenda
781 2452 835 2503 est.
874 2443 935 2504 Nee
958 2443 1155 2521 iiiessliugius
1176 2446 1241 2522 ipse
1263 2460 1383 2523 semper
1404 2441 1465 2504 sibi
1561 2425 1562 2428 ¹

318 2545 468 2612 constitit,
482 2562 560 2629 xcum
576 2544 606 2602 in
623 2546 713 2604 tomis
732 2544 953 2621 posterioribus
969 2545 1111 2605 editionis
1126 2562 1197 2605 suae
1213 2546 1331 2624 saepius
1353 2547 1464 2605 mutari
1483 2530 1494 2562 ⁸

318 2644 435 2714 iubeat,
459 2662 535 2722 quac
552 2652 654 2704 contra
678 2664 765 2706 usum
781 2646 915 2725 Dionysii
938 2645 1098 2708 dicta'esse
1114 2647 1289 2733 videantur:
1318 2626 1465 2726 [aspicias

317 2746 406 2806 veiim
428 2753 542 2831 tomum
565 2746 707 2814 aiterum,
739 2745 789 2807 ubi
812 2766 841 2824 p.
866 2747 902 2806 iv
924 2754 1005 2808 recte
1029 2749 1065 2808 de
1088 2743 1308 2824 ἀπεχθάνομαι
1331 2754 1361 2807 et
1386 2744 1464 2809 ἀπέ-

318 2851 432 2923 χθομαι
447 2848 561 2916 verbis,
586 2848 622 2907 de
645 2849 707 2908 nde
723 2856 752 2907 et
775 2845 859 2909 ἅττα(
882 2846 1031 2916 vocabulis
1054 2850 1168 2925 agilum
1192 2846 1465 2927 itemp.V11rec·

318 2950 433 3009 tissime
457 2951 488 3010 in
509 2947 609 3009 verbis
632 2947 726 3012 ἐντὸς
747 2952 806 3012 τοῦ
828 2949 969 3030 τείχους,
992 2967 1067 3030 quae
1083 2950 1241 3011 Chisianus
1262 2948 1354 3009 cotias
1378 2967 1465 3028 prae-

225 3106 230 3115 ,
320 3049 388 3118 bet,
415 3051 474 3110 τοῦ
498 3051 642 3110 articulus
665 3050 796 3121 deletum
826 3052 870 3111 vei
894 3070 923 3128 p.
946 3050 1013 3110 XIX
1040 3068 1094 3128 pro
1117 3048 1152 3113 ἐν
1175 3047 1332 3131 ἀεφαλείᾳ
1355 3052 1465 3110 merito

319 3148 354 3211 ἐν
371 3146 508 3226 ἀεφαλεῑ
530 3150 677 3212 scribitur
698 3159 727 3211 at
750 3156 780 3214 in
803 3159 917 3212 textum
934 3152 1094 3230 recipitur,
1118 3158 1148 3211 et
1163 3169 1238 3230 quae
1261 3159 1330 3211 sunt
1343 3150 1464 3211 similia.

319 3251 495 3329 Complures
528 3258 626 3311 autem
650 3253 820 3314 huiusmodi
842 3256 1063 3321 correctiones,
1093 3251 1202 3330 quibus
1229 3270 1300 3313 usus
1322 3251 1464 3330 loquendi

322 3353 506 3420 restituitur,
536 3351 732 3430 iiiesslingius
761 3356 791 3413 in
816 3373 851 3414 ao
873 3362 1092 3433 programmate
1120 3354 1198 3433 quod
1221 3371 1312 3433 supra
1335 3371 1464 3413 comme·

322 3456 435 3514 moravi
459 3453 614 3532 proposuit
636 3472 798 3534 earumque
823 3456 966 3534 plurimas
988 3474 1114 3534 prorsus
1137 3455 1317 3535 probabiles.

404 3554 529 3614 Multum
566 3553 759 3625 Ritschelius,
794 3554 1021 3626 Ambrosohius‚
1059 3557 1207 3625 Sintenis,
1244 3556 1392 3635 Sauppius
1426 3555 1462 3616 de

320 3656 455 3736 Dionysii
468 3655 738 3716 Halicarnassensis
751 3656 903 3717 codicibus
915 3676 1078 3738 eorumque
1094 3659 1270 3720 auctoritate
1286 3657 1315 3717 in
1332 3657 1466 3718 diversas

320 3765 420 3838 partes
436 3757 639 3837 disputarunt,
663 3776 723 3818 uon
738 3761 959 3819 consentientes
982 3762 1062 3820 inter
1078 3778 1109 3819 se
1126 3760 1184 3820 nisi
1207 3761 1237 3819 in
1254 3776 1306 3826 eo,
1330 3758 1408 3834 quod
1432 3760 1463 3817 in

321 3860 502 3920 aestimanda
519 3858 651 3919 (ihisiani
672 3866 760 3937 atque
783 3858 949 3930 Urbiuatis‚
974 3869 1006 3921 ut
1027 3863 1208 3937 optimorum
1231 3859 1376 3928 codicum,
1399 3876 1463 3918 mu·

321 3971 373 4023 tua
395 3963 510 4022 ratione
534 3960 686 4020 cardinem
709 3961 753 4020 rei
776 3963 852 4021 verti
875 3960 1085 4022 intellexerunt
1107 3978 1219 4022 omnes.
1264 3959 1340 4022 Tum
1363 3959 1463 4021 Kiess·

323 4064 433 4140 fingius
456 4079 575 4141 quoque
598 4062 627 4121 in
650 4063 835 4141 praefatione
857 4064 928 4122 tomi
950 4062 963 4123 l
985 4063 1068 4143 p.‘Vf
1092 4064 1128 4124 de
1152 4062 1287 4122 toditem
1310 4059 1463 4140 Dionysia·

322 4183 429 4225 norum
458 4163 572 4223 ratione
595 4163 753 4233 disseruit,
782 4163 834 4223 sed
862 4164 946 4224 valde
974 4167 1081 4225 mirum
1110 4166 1142 4224 in
1164 4162 1295 4223 modum.
1339 4161 1464 4222 Exstant

322 4267 401 4326 enim
424 4284 460 4325 eo
483 4283 570 4343 quem
594 4265 677 4325 attuli
700 4265 764 4325 loeo
787 4264 861 4325 haec
884 4267 948 4325 eius
969 4265 1074 4326 verba:
1098 4265 1184 4326 ‘Cum
1207 4272 1305 4324 autem
1330 4264 1462 4324 Chisiani

321 4366 391 4427 libri
414 4367 614 4444 antiquissimi
638 4370 800 4428 auctoritas
823 4367 899 4445 apud
916 4366 1111 4428 Bitschelium
1127 4365 1376 4445 Ambrosiumque
1399 4372 1463 4425 tan·

321 4477 390 4532 tum
408 4468 533 4528 valuerit
557 4476 589 4529 ut
618 4469 654 4528 ad
684 4470 746 4544 eius
774 4466 934 4548 praecipue
963 4469 1051 4529 fidem
1080 4469 1238 4548 scriptoris
1266 4466 1357 4527 verba
1382 4467 1463 4544 exigi

512 4962 904 5086 ,A
